<record xmlns="http://www.loc.gov/MARC21/slim" xmlns:xsi="http://www.w3.org/2001/XMLSchema-instance" xsi:schemaLocation="http://www.loc.gov/MARC21/slim http://www.loc.gov/standards/marcxml/schema/MARC21slim.xsd"><leader>01519nam a2200325   4500</leader><controlfield tag="001">001689309</controlfield><controlfield tag="003">NNU</controlfield><controlfield tag="006">m        d        </controlfield><controlfield tag="007">cr cn |||m|||a</controlfield><controlfield tag="008">150223s1955    le      o     000 m ara d</controlfield><datafield ind1=" " ind2=" " tag="040"><subfield code="a">NNU</subfield><subfield code="b">eng</subfield><subfield code="c">NNU</subfield></datafield><datafield ind1=" " ind2="4" tag="050"><subfield code="a">PJ7601</subfield><subfield code="b">.F3</subfield></datafield><datafield ind1=" " ind2=" " tag="066"><subfield code="c">(3</subfield></datafield><datafield ind1=" " ind2=" " tag="090"><subfield code="a">PJ7601</subfield><subfield code="b">.F3</subfield></datafield><datafield ind1="1" ind2=" " tag="100"><subfield code="6">880-01</subfield><subfield code="a">F&#257;kh&#363;r&#299;, &#7716;ann&#257;</subfield></datafield><datafield ind1="1" ind2="0" tag="245"><subfield code="6">880-02</subfield><subfield code="a">Muntakhab&#257;t al-adab al-&#699;Arab&#299;</subfield><subfield code="h">[electronic resource] /</subfield><subfield code="c">&#7716;ann&#257; al-F&#257;kh&#363;r&#299; wa-lajnah min as&#257;tidhat al-Madrasah al-B&#363;lus&#299;yah.</subfield></datafield><datafield ind1=" " ind2=" " tag="260"><subfield code="6">880-03</subfield><subfield code="a">&#7716;ar&#299;&#7779;&#257;, Lubn&#257;n :</subfield><subfield code="b">al-Ma&#7789;ba&#699;ah al-B&#363;lus&#299;yah,</subfield><subfield code="c">1955.</subfield></datafield><datafield ind1=" " ind2=" " tag="300"><subfield code="a">online resource (726 p.)</subfield></datafield><datafield ind1=" " ind2=" " tag="500"><subfield code="a">Part of the Arabic Collections Online (ACO) project, contributed by New York Univeristy Libraries.</subfield></datafield><datafield ind1=" " ind2=" " tag="533"><subfield code="a">Electronic reproduction.</subfield><subfield code="b">New York, N.Y. :</subfield><subfield code="c">New York University,</subfield><subfield code="d">2015.</subfield><subfield code="5">NNU</subfield></datafield><datafield ind1=" " ind2="0" tag="650"><subfield code="a">Arabic literature.</subfield></datafield><datafield ind1="2" ind2=" " tag="710"><subfield code="a">New York University.</subfield><subfield code="b">Libraries.</subfield></datafield><datafield ind1="0" ind2=" " tag="730"><subfield code="a">Arabic Collections Online.</subfield></datafield><datafield ind1="0" ind2="8" tag="776"><subfield code="i">Print version:</subfield><subfield code="a">F&#257;kh&#363;r&#299;, &#7716;ann&#257; 880-01</subfield><subfield code="t">Muntakhab&#257;t al-adab al-&#699;Arab&#299;</subfield><subfield code="w">(NNU)001689309</subfield></datafield><datafield ind1="4" ind2="0" tag="856"><subfield code="u">http://hdl.handle.net/2333.1/8w9ghzvb</subfield></datafield><datafield ind1="1" ind2=" " tag="880"><subfield code="6">100-01/</subfield><subfield code="a">&#1601;&#1575;&#1582;&#1608;&#1585;&#1610;&#1548; &#1581;&#1606;&#1575;.</subfield></datafield><datafield ind1="1" ind2="0" tag="880"><subfield code="6">245-02/</subfield><subfield code="a">&#1605;&#1606;&#1578;&#1582;&#1576;&#1575;&#1578; &#1575;&#1604;&#1571;&#1583;&#1576; &#1575;&#1604;&#1593;&#1585;&#1576;&#1610; /</subfield><subfield code="c">&#1578;&#1571;&#1604;&#1610;&#1601; &#1581;&#1606;&#1575; &#1601;&#1575;&#1582;&#1608;&#1585;&#1610; &#1608;&#1604;&#1580;&#1606;&#1577; &#1605;&#1606; &#1571;&#1587;&#1575;&#1578;&#1584;&#1577; &#1575;&#1604;&#1605;&#1583;&#1591;&#1587;&#1577; &#1575;&#1604;&#1576;&#1608;&#1604;&#1587;&#1610;&#1577;.</subfield></datafield><datafield ind1=" " ind2=" " tag="880"><subfield code="6">260-03/</subfield><subfield code="a">&#1581;&#1585;&#1610;&#1589;&#1575;&#1548; &#1604;&#1576;&#1606;&#1575;&#1606; :</subfield><subfield code="b">&#1575;&#1604;&#1605;&#1591;&#1576;&#1593;&#1577; &#1575;&#1604;&#1576;&#1608;&#1604;&#1587;&#1610;&#1577;&#1548;</subfield><subfield code="c">&#1633;&#1641;&#1637;&#1637;.</subfield></datafield><datafield ind1=" " ind2=" " tag="959"><subfield code="a">NNU</subfield><subfield code="b">WEB</subfield><subfield code="c">GENI</subfield><subfield code="t">0</subfield><subfield code="m">Electronic access</subfield><subfield code="s">01</subfield></datafield><datafield ind1=" " ind2=" " tag="999"><subfield code="i">NNU_001689309</subfield><subfield code="s">nyu_aco000306</subfield></datafield></record>